@article{Mehr_Song_Spelke_2016, title={For 5-Month-Old Infants, Melodies Are Social:}, archiveLocation={Sage CA: Los Angeles, CA}, url={https://journals.sagepub.com/doi/abs/10.1177/0956797615626691}, DOI={10.1177/0956797615626691}, abstractNote={For 1 to 2 weeks, 5-month-old infants listened at home to one of two novel songs with identical lyrics and rhythms, but different melodies; the song was sung by...}, journal={Psychological Science}, author={Mehr, Samuel A. and Song, Lee Ann and Spelke, Elizabeth S.}, year={2016}, month={Feb} }
@Manual{R-base,
  title = {R: A Language and Environment for Statistical Computing},
  author = {{R Core Team}},
  organization = {R Foundation for Statistical Computing},
  address = {Vienna, Austria},
  year = {2018},
  url = {https://www.R-project.org/},
}
@Manual{R-papaja,
  author = {Frederik Aust and Marius Barth},
  title = {{papaja}: {Create} {APA} manuscripts with {R Markdown}},
  year = {2018},
  note = {R package version 0.1.0.9842},
  url = {https://github.com/crsh/papaja},
}
